@misc{ enwiki:Computer_program,
    author = "{Wikipedia contributors}",
    title = "Computer program --- {Wikipedia}{,} The Free Encyclopedia",
    year = "2021",
    url = "https://en.wikipedia.org/w/index.php?title=Computer_program&oldid=1040444998",
    note = "[Online; accessed 27-August-2021]"
  }

@misc{ enwiki:Computer_programming,
    author = "{Wikipedia contributors}",
    title = "Computer programming --- {Wikipedia}{,} The Free Encyclopedia",
    year = "2021",
    url = "https://en.wikipedia.org/w/index.php?title=Computer_programming&oldid=1040498552",
    note = "[Online; accessed 27-August-2021]"
  }

 @misc{ westerndigital:EHT_blackhole,

    title = "A peek behind the black Hole IMAGE'S petabytes of data --- {Data Makes Possible} ",
    url = "https://bit.ly/3jnBTvg",
    year = "2019",
    month = "Dec",
    note={[Online; accessed 27-August-2021]}
    } 

@misc{ nasa:Ingenuity_Helicopter,
    title = "NASAâ€™s Ingenuity Mars Helicopter Succeeds in Historic First Flight",
    url = "https://go.nasa.gov/3zmwVEh",
    year = "2021",
    month = "Apr",
    note="[Online; accessed 27-August-2021]"
}